<?xml version="1.0" encoding="UTF-8"?><collection xmlns="http://www.loc.gov/MARC21/slim"><record><leader>00486nam--2200169-u-4500</leader><controlfield tag="001">000056242</controlfield><controlfield tag="002">20161230</controlfield><controlfield tag="005">20170107173707</controlfield><controlfield tag="008">150128s1000------------r-----000-0-rus-d</controlfield><datafield ind1=" " ind2=" " tag="040"><subfield code="a">IFIN-HH</subfield></datafield><datafield ind1=" " ind2=" " tag="041"><subfield code="a">rus</subfield></datafield><datafield ind1=" " ind2=" " tag="080"><subfield code="a">537.312.6(082.1)</subfield></datafield><datafield ind1="1" ind2=" " tag="110"><subfield code="a">Akademia Nauk SSSR</subfield></datafield><datafield ind1="1" ind2="0" tag="245"><subfield code="a">Trudi fiziceskogo instituta. Tom 151. Sverhprovodniki s resetkoi tipa a 15 i mostikovli kontakti na ih osnove</subfield></datafield><datafield ind1=" " ind2=" " tag="260"><subfield code="a">Moskva</subfield><subfield code="b">Nauka</subfield><subfield code="c">1984</subfield></datafield><datafield ind1=" " ind2=" " tag="852"><subfield code="a">6456</subfield><subfield code="c">53</subfield></datafield><datafield ind1=" " ind2=" " tag="CAT"><subfield code="a">SYS</subfield><subfield code="c">20170107</subfield><subfield code="h">173707</subfield></datafield></record></collection>